%%%%%%%%%%%%%%%%%%%%%%% Comments %%%%%%%%%%%%%%%%%%%%%%%%
%% BibTeX can accept names in "forename surname" or "surname, forename".
%% to tell BibTeX when a reference has more than one author by putting the keyword "and" in between every author.
%%%%%%%%%%%%%%%%%%%%%%% Bibliography %%%%%%%%%%%%%%%%%%%%%%%


%% exported from google books
@book{timoshenko1959theory,
  title={Theory of plates and shells},
  author={Timoshenko, S. and Woinowsky-Krieger, S.},
  lccn={58059675},
  series={Engineering societies monographs},
  url={https://books.google.com/books?id=rTQFAAAAMAAJ},
  year={1959},
  publisher={McGraw-Hill}
}