%%%%%%%%%%%%%%%%%%%%%%% Comments %%%%%%%%%%%%%%%%%%%%%%%%
%% BibTeX can accept names in "forename surname" or "surname, forename".
%% to tell BibTeX when a reference has more than one author by putting the keyword "and" in between every author.
%%%%%%%%%%%%%%%%%%%%%%% Bibliography %%%%%%%%%%%%%%%%%%%%%%%

%% Must compile with:
%% Pdflatex + bib(latex)+Pdflatex (x2) + viewPdf

%% TIMOSHENKO
@Book{timoshenko1959theory,
  title={Theory of Plates and Shells},
  author={Timoshenko, S. and Woinowsky-Krieger, S.},
  series={Engineering Societies Monographs},
  year={1959},
  publisher={McGraw-Hill}
}

%% SHIGLEYS
@Book{nisbett2014shigley,
  title={Shigley's Mechanical Engineering Design},
  author={Nisbett, K. and Budynas, R.},
  year={2014},
  publisher={McGraw-Hill}
}


%% ASME BVPC
@Book{ASMEbvpcIID,
	title = {ASME’s Boiler and Pressure Vessel Code, Section II, Part D},
	publisher = {The American Society of Mechanical Engineers},
	year = {2015},
	address = {New York, NY}
}


@Book{ASMEbvpcVII1,
	title = {ASME’s Boiler and Pressure Vessel Code, Section VII, Division 1},
	publisher = {The American Society of Mechanical Engineers},
	year = {2015},
	address = {New York, NY}
}

@Book{ASMEbvpcVII2,
	title = {ASME’s Boiler and Pressure Vessel Code, Section VII, Division 2},
	publisher = {The American Society of Mechanical Engineers},
	year = {2015},
	address = {New York, NY}
}




